@article{van2022towards,
  title={Towards a Universal Mathematical Braille Notation},
  author={van Leendert, Annemiek and Doorman, Michiel and Drijvers, Paul and Pel, Johan and van der Steen, Johannes},
  journal={Journal of Visual Impairment \& Blindness},
  volume={116},
  number={2},
  pages={141--153},
  year={2022},
  publisher={SAGE Publications Sage CA: Los Angeles, CA}
}
